<?xml version="1.0" encoding="UTF-8"?><record xmlns="http://www.loc.gov/MARC21/slim" xmlns:cinclude="http://apache.org/cocoon/include/1.0" xmlns:zs="http://www.loc.gov/zing/srw/">
  <leader>01067cz  a2200205n  4500</leader>
  <controlfield tag="001">n  92120327 </controlfield>
  <controlfield tag="003">DLC</controlfield>
  <controlfield tag="005">20130508075021.0</controlfield>
  <controlfield tag="008">921217n| azannaabn          |a aaa      </controlfield>
  <datafield tag="010" ind1=" " ind2=" ">
    <subfield code="a">n  92120327 </subfield>
  </datafield>
  <datafield tag="035" ind1=" " ind2=" ">
    <subfield code="a">(OCoLC)oca03288912</subfield>
  </datafield>
  <datafield tag="040" ind1=" " ind2=" ">
    <subfield code="a">DLC</subfield>
    <subfield code="b">eng</subfield>
    <subfield code="e">rda</subfield>
    <subfield code="c">DLC</subfield>
    <subfield code="d">OOC</subfield>
    <subfield code="d">DLC</subfield>
    <subfield code="d">ICU</subfield>
    <subfield code="d">IEN-Mu</subfield>
  </datafield>
  <datafield tag="100" ind1="1" ind2=" ">
    <subfield code="a">Glinka, M. I.</subfield>
    <subfield code="q">(Mikhail Ivanovich),</subfield>
    <subfield code="d">1804-1857.</subfield>
    <subfield code="t">V krovi gorit ogonʹ zhelanʹi︠a︡</subfield>
  </datafield>
  <datafield tag="400" ind1="1" ind2=" ">
    <subfield code="a">Glinka, M. I.</subfield>
    <subfield code="q">(Mikhail Ivanovich),</subfield>
    <subfield code="d">1804-1857.</subfield>
    <subfield code="t">Fire of longing burns in my blood</subfield>
  </datafield>
  <datafield tag="400" ind1="1" ind2=" ">
    <subfield code="a">Glinka, M. I.</subfield>
    <subfield code="q">(Mikhail Ivanovich),</subfield>
    <subfield code="d">1804-1857.</subfield>
    <subfield code="t">Fire of longing burns in my heart</subfield>
  </datafield>
  <datafield tag="400" ind1="1" ind2=" ">
    <subfield code="a">Glinka, M. I.</subfield>
    <subfield code="q">(Mikhail Ivanovich),</subfield>
    <subfield code="d">1804-1857.</subfield>
    <subfield code="t">F krovi gorit ogonʹ zhelanʹyi</subfield>
  </datafield>
  <datafield tag="400" ind1="1" ind2=" ">
    <subfield code="a">Glinka, M. I.</subfield>
    <subfield code="q">(Mikhail Ivanovich),</subfield>
    <subfield code="d">1804-1857.</subfield>
    <subfield code="t">Flame of desire is burning in my blood</subfield>
  </datafield>
  <datafield tag="400" ind1="1" ind2=" ">
    <subfield code="a">Glinka, M. I.</subfield>
    <subfield code="q">(Mikhail Ivanovich),</subfield>
    <subfield code="d">1804-1857.</subfield>
    <subfield code="t">Fire of desire</subfield>
  </datafield>
  <datafield tag="670" ind1=" " ind2=" ">
    <subfield code="a">Burchuladze, P. Russian songs [SR] p1988:</subfield>
    <subfield code="b">container (The fire of longing burns in my blood) insert (V krovi gorit ogon zhelanya)</subfield>
  </datafield>
  <datafield tag="670" ind1=" " ind2=" ">
    <subfield code="a">Pazdírek</subfield>
    <subfield code="b">(V krovi gorit ogonʹ zhelanʹi︠a︡)</subfield>
  </datafield>
</record>